
@book{imbens_causal_2015,
	address = {New York},
	title = {Causal inference for statistics, social, and biomedical sciences: an introduction},
	isbn = {978-0-521-88588-1},
	shorttitle = {Causal inference for statistics, social, and biomedical sciences},
	publisher = {Cambridge University Press},
	author = {Imbens, Guido and Rubin, Donald B.},
	year = {2015},
}


@article{halpern_causes_2005,
	title = {Causes and {Explanations}: {A} {Structural}-{Model} {Approach}. {Part} {I}: {Causes}},
	volume = {56},
	issn = {0007-0882, 1464-3537},
	shorttitle = {Causes and {Explanations}},
	doi = {10.1093/bjps/axi147},
	language = {en},
	number = {4},
	urldate = {2019-05-21},
	journal = {The British Journal for the Philosophy of Science},
	author = {Halpern, J. Y. and Pearl, Judea},
	month = sep,
	year = {2005},
	keywords = {Seminar 1: Causality I},
	pages = {843--887},
}


@book{peters_elements_2017,
	address = {Cambridge, Massachuestts},
	series = {Adaptive computation and machine learning series},
	title = {Elements of causal inference: foundations and learning algorithms},
	isbn = {978-0-262-03731-0},
	shorttitle = {Elements of causal inference},
	publisher = {The MIT Press},
	author = {Peters, Jonas and Janzing, Dominik and Schölkopf, Bernhard},
	year = {2017},
}

@book{pearl_causality:_2009,
	title = {Causality: models, reasoning, and inference},
	isbn = {978-1-139-64398-6},
	language = {en},
	publisher = {Cambridge University Press},
	author = {Pearl, Judea},
	month = sep,
	year = {2009},
}

@book{spirtes_causation_1993,
	address = {New York, NY},
	series = {Lecture {Notes} in {Statistics}},
	title = {Causation, {Prediction}, and {Search}},
	volume = {81},
	language = {en},
	urldate = {2019-03-13},
	publisher = {Springer New York},
	author = {Spirtes, Peter and Glymour, Clark and Scheines, Richard},
	year = {1993},
	doi = {10.1007/978-1-4612-2748-9},
}

@inproceedings{zheng_dags_2018,
	title = {{DAGs} with {NO} {TEARS}: {Continuous} {Optimization} for {Structure} {Learning}},
	author = {Zheng, Xun and Aragam, Bryon and Ravikumar, Pradeep and Xing, Eric P.},
	crossref={NIPS2018},
}

@book{nocedal_numerical_2006,
	address = {New York},
	edition = {2nd ed},
	series = {Springer series in operations research},
	title = {Numerical optimization},
	isbn = {978-0-387-30303-1},
	language = {en},
	publisher = {Springer},
	author = {Nocedal, Jorge and Wright, Stephen J.},
	year = {2006},
}

@misc{ng_graph_2019,
	title = {A {Graph} {Autoencoder} {Approach} to {Causal} {Structure} {Learning}},
	urldate = {2020-01-13},
	author = {Ng, Ignavier and Zhu, Shengyu and Chen, Zhitang and Fang, Zhuangyan},
	month = nov,
	year = {2019},  
	note = {arXiv: 1911.07420, presented at NeurIPS 2019 Workshop "Do the right thing"},
}

@article{stoica_cramer-rao_1998,
	title = {On the {Cramer}-{Rao} bound under parametric constraints},
	volume = {5},
	doi = {10.1109/97.700921},
	number = {7},
	urldate = {2020-03-04},
	journal = {IEEE Signal Processing Letters},
	author = {Stoica, P. and Ng, C.B.},
	month = jul,
	year = {1998},
	pages = {177--179},
}

@article{loh_high-dimensional_2014,
	title = {High-{Dimensional} {Learning} of {Linear} {Causal} {Networks} via {Inverse} {Covariance} {Estimation}},
	volume = {15},
	url = {http://jmlr.org/papers/v15/loh14a.html},
	number = {88},
	journal = {Journal of Machine Learning Research},
	author = {Loh, Po-Ling and Bühlmann, Peter},
	year = {2014},
	pages = {3065--3105},
}

@article{geyer_asymptotics_1994,
	title = {On the {Asymptotics} of {Constrained} \${M}\$-{Estimation}},
	volume = {22},
	doi = {10.1214/aos/1176325768},
	language = {en},
	number = {4},
	urldate = {2020-04-16},
	journal = {The Annals of Statistics},
	author = {Geyer, Charles J.},
	month = dec,
	year = {1994},
	pages = {1993--2010},
}

@incollection{loh_regularized_2013,
     author = {Loh, Po-Ling and Wainwright, Martin J},
     booktitle = {Advances in Neural Information Processing Systems},
     editor = {C. J. C. Burges and L. Bottou and M. Welling and Z. Ghahramani and K. Q. Weinberger},
     pages = {},
     publisher = {Curran Associates, Inc.},
     title = {Regularized M-estimators with nonconvexity: Statistical and algorithmic theory for local optima},
     url = {https://proceedings.neurips.cc/paper/2013/file/ef0d3930a7b6c95bd2b32ed45989c61f-Paper.pdf},
     volume = {26},
     year = {2013}
}


@book{wooldridge_econometric_2010,
	address = {Cambridge, Mass},
	edition = {2nd ed},
	title = {Econometric analysis of cross section and panel data},
	isbn = {978-0-262-23258-6},
	language = {en},
	publisher = {MIT Press},
	author = {Wooldridge, Jeffrey M.},
	year = {2010},
}


@incollection{vaart_m-_1998,
	edition = {1},
	title = {{M}- and {Z}-{Estimators}},
	language = {en},
	urldate = {2020-05-20},
	booktitle = {Asymptotic {Statistics}},
	publisher = {Cambridge University Press},
	author = {Vaart, A. W. van der},
	month = oct,
	year = {1998},
	doi = {10.1017/CBO9780511802256},
}

@article{shapiro_asymptotics_2000,
	title = {On the asymptotics of constrained local {M}-estimators},
	volume = {28},
	doi = {10.1214/aos/1015952006},
	language = {en},
	number = {3},
	urldate = {2020-05-27},
	journal = {The Annals of Statistics},
	author = {Shapiro, Alexander},
	month = may,
	year = {2000},
	pages = {948--960},
}

@article{yuan_constrained_2019,
	title = {Constrained likelihood for reconstructing a directed acyclic {Gaussian} graph},
	volume = {106},
	issn = {0006-3444, 1464-3510},
	
	doi = {10.1093/biomet/asy057},
	language = {en},
	number = {1},
	urldate = {2020-09-04},
	journal = {Biometrika},
	author = {Yuan, Yiping and Shen, Xiaotong and Pan, Wei and Wang, Zizhuo},
	month = mar,
	year = {2019},
	pages = {109--125},
}

@book{angrist_mostly_2009,
	address = {Princeton},
	title = {Mostly harmless econometrics: an empiricist's companion},
	isbn = {978-0-691-12034-8 978-0-691-12035-5},
	shorttitle = {Mostly harmless econometrics},
	publisher = {Princeton University Press},
	author = {Angrist, Joshua David and Pischke, Jörn-Steffen},
	year = {2009},
	keywords = {Regression analysis, Econometrics},
}

@article{andrews_estimation_1999,
	title = {Estimation {When} a {Parameter} is on a {Boundary}},
	volume = {67},
	doi = {10.1111/1468-0262.00082},
	language = {en},
	number = {6},
	urldate = {2020-09-17},
	journal = {Econometrica},
	author = {Andrews, Donald W. K.},
	month = nov,
	year = {1999},
	pages = {1341--1383},
}

@article{wang_asymptotics_1996,
	title = {Asymptotics of least-squares estimators for constrained nonlinear regression},
	volume = {24},
	
	doi = {10.1214/aos/1032526971},
	language = {en},
	number = {3},
	urldate = {2020-09-24},
	journal = {The Annals of Statistics},
	author = {Wang, Jinde},
	month = jun,
	year = {1996},
	pages = {1316--1326},
}


@article{zhu_algorithm_1997,
	title = {Algorithm 778: {L}-{BFGS}-{B}: {Fortran} subroutines for large-scale bound-constrained optimization},
	volume = {23},
	shorttitle = {Algorithm 778},
	doi = {10.1145/279232.279236},
	language = {en},
	number = {4},
	urldate = {2020-10-05},
	journal = {ACM Transactions on Mathematical Software},
	author = {Zhu, Ciyou and Byrd, Richard H. and Lu, Peihuang and Nocedal, Jorge},
	month = dec,
	year = {1997},
	pages = {550--560}
}

@InProceedings{yu_daggnn_2019, 
  title = 	 {{DAG}-{GNN}: {DAG} Structure Learning with Graph Neural Networks},
  author =       {Yu, Yue and Chen, Jie and Gao, Tian and Yu, Mo},
  booktitle = 	 {Proceedings of the 36th International Conference on Machine Learning},
  pages = 	 {7154--7163},
  year = 	 {2019},
  editor = 	 {Kamalika Chaudhuri and Ruslan Salakhutdinov},
  volume = 	 {97},
  series = 	 {Proceedings of Machine Learning Research},
  month = 	 {09--15 Jun},
  publisher =    {PMLR},
  pdf = 	 {http://proceedings.mlr.press/v97/yu19a/yu19a.pdf},
  url = 	 {
http://proceedings.mlr.press/v97/yu19a.html
}
  } 
  
@article{shimizu_directlingam_2011,
  author  = {Shohei Shimizu and Takanori Inazumi and Yasuhiro Sogawa and Aapo Hyv{{\"a}}rinen and Yoshinobu Kawahara and Takashi Washio and Patrik O. Hoyer and Kenneth Bollen},
  title   = {DirectLiNGAM: A Direct Method for Learning a Linear Non-Gaussian Structural Equation Model},
  journal = {Journal of Machine Learning Research},
  year    = {2011},
  volume  = {12},
  number  = {33},
  pages   = {1225-1248},
  url     = {http://jmlr.org/papers/v12/shimizu11a.html}
}
@article{hyvarinen_pairwise_2013,
    author = {Hyv\"{a}rinen, Aapo and Smith, Stephen M.},
    title = {Pairwise Likelihood Ratios for Estimation of Non-Gaussian Structural Equation Models},
    year = {2013},
    issue_date = {January 2013},
    publisher = {JMLR.org},
    volume = {14},
    number = {1},
    issn = {1532-4435},
    journal={Journal of Machine Learning Research},
}

 @misc{ng_ontheconvergence_2020,
    title={On the Convergence of Continuous Constrained Optimization for Structure Learning},
    note={arXiv: 2011.11150, presented at NeurIPS 2020 Workshop on Causal Discovery and Causality-Inspired Machine Learning},
    author={Ng, Ignavier and Lachapelle, Sébastien and Ke, Nan Rosemary and Lacoste-Julien, Simon}, year={2020}, 
    month={Nov} 
 }
 
 @inproceedings{wei_dags_2020, 
    title={DAGs with No Fears: A Closer Look at Continuous Optimization for Learning Bayesian Networks},
    author={Wei, Dennis and Gao, Tian and Yu, Yue}, 
    crossref={NIPS2020},
 }

@article{berneth_acritical_2016,
    title={A Critical Review and Best-Practice Recommendations for Control Variable Usage}, volume={69}, 
     DOI={10.1111/peps.12103}, number={1}, journal={Personnel Psychology}, 
     author={Bernerth, Jeremy B. and Aguinis, Herman}, year={2016}, month={Feb}, pages={229–283} 
 }

 @article{carlson_illusion_2012, 
    title={The Illusion of Statistical Control: Control Variable Practice in Management Research},
    volume={15}, 
    DOI={10.1177/1094428111428817},
    number={3}, journal={Organizational Research Methods},
    author={Carlson, Kevin D. and Wu, Jinpei}, year={2012}, month={Jul}, pages={413–435} }
 
 @inproceedings{zheng_learning_2020,
    title={Learning Sparse Nonparametric {DAG}s},
    author={Xun Zheng and Chen Dan and Bryon Aragam and Pradeep Ravikumar and Eric P. Xing },
    crossref={AISTATS2020},
    pages={3414-3425},
 }

 @inproceedings{brouillard_diffrential_2020,
    title={Differentiable Causal Discovery from Interventional Data},  author={Brouillard, Philippe and Lachapelle, Sébastien and Lacoste, Alexandre and Lacoste-Julien, Simon and Drouin, Alexandre}, 
    year={2020},
    crossref={NIPS2020}
 }
 
 @inproceedings{ke_learning_2019, 
    title={Learning Neural Causal Models from Unknown Interventions}, 
    author={Ke, Nan Rosemary and Bilaniuk, Olexa and Goyal, Anirudh and Bauer, Stefan and Larochelle, Hugo and Pal, Chris and Bengio, Yoshua},
    crossref={NIPS2020},
 }
 
 @inproceedings{kyono_2020, 
    title={CASTLE: Regularization via Auxiliary Causal Graph Discovery}, 
    author={Kyono, Trent and Zhang, Yao},
    year={2020}, 
    crossref={NIPS2020},
    }
    
    

@article {luoca_2021,
	author = {Louca, Panayiotis and Murray, Benjamin and Klaser, Kerstin and Graham, Mark S and Mazidi, Mohsen and Leeming, Emily R and Thompson, Ellen and Bowyer, Ruth and Drew, David A and Nguyen, Long H and Merino, Jordi and Gomez, Maria and Mompeo, Olatz and Costeira, Ricardo and Sudre, Carole H and Gibson, Rachel and Steves, Claire J and Wolf, Jonathan and Franks, Paul W and Ourselin, Sebastien and Chan, Andrew T and Berry, Sarah E and Valdes, Ana M and Calder, Philip C and Spector, Tim D and Menni, Cristina},
	title = {Modest effects of dietary supplements during the COVID-19 pandemic: insights from 445 850 users of the COVID-19 Symptom Study app},
	year = {2021},
	doi = {10.1136/bmjnph-2021-000250},
	publisher = {BMJ Specialist Journals},
	journal = {BMJ Nutrition, Prevention \& Health}
}
    
%%%%%%%%%%%%%%%%%% Below here is the proceedings and books and stuff....}


@proceedings{NIPS2020,
    booktitle = "{Advances in Neural Information Processing Systems 33 pre-proceedings (NeurIPS 2020)}",
    title = "{Advances in Neural Information Processing Systems 33 pre-proceedings (NeurIPS 2020)}",
    year = "2020",
    editor={H. Larochelle and M. Ranzato and R. Hadsell and M.F. Balcan and H. Lin}
}

@proceedings{NIPS2018,
    booktitle = "{Advances in Neural Information Processing Systems 32 proceedings (NeurIPS 2018)}",
    title = "{Advances in Neural Information Processing Systems 33 proceedings (NeurIPS 2018)}",
    editor = {S. Bengio and H. Wallach and H. Larochelle and K. Grauman and N. Cesa-Bianchi and R. Garnett},
    year = "2018",
}

@proceedings{AISTATS2020,
    title={Proceedings of the 23rd International Conference on Artificial Intelligence and Statistics ({AISTATS}) 2020},
    booktitle={Proceedings of the 23rd International Conference on Artificial Intelligence and Statistics ({AISTATS}) 2020},
    volume={208},
    organization={PMLR},
    year="2020",
}


